@misc{flightAware:MiseryMap,
	author = {FlightAware},
	title = {MiseryMap},
	howpublished = {\url{http://uk.flightaware.com/miserymap/}},
	note = "[Online; accessed 15. February 2014]"
}

@misc{ukLiveMap,
	author = {Matthew Somerville},
	title = {Vaguely live map of trains in the United Kingdom},
	howpublished = {\url{http://traintimes.org.uk/map/#bhm}},
	note = "[Online; accessed 15. February 2014]"
}

@misc{trainTimesUK,
  author = {Matthew Somerville},
  title = {Accesible UK Train Timetables},
  howpublished = {\url{http://traintimes.org.uk/map/#bhm}},
  note = "[Online; accessed 2. February 2014]"
}

@misc{zugmonitor,
	author = {OpenDataCity},
	title = {Zugmonitor – leider außer Betrieb},
	howpublished = {\url{http://zugmonitor.sueddeutsche.de/}},
	note = "[Online; accessed 15. February 2014]"
}

@misc{muniLightRail,
	author = {bdon},
	title = {Visualizing transit delays in real time: MUNI Light Rail},
	howpublished = {\url{http://bdon.org/2014/08/28/visualizing-transit-delays/}},
	note = "[Online; accessed 15. February 2014]"
}

@misc{bingTraffic,
	author = {Eric Horvitz},
	title = {Predictive Analytics for Traffic},
	howpublished = {\url{http://research.microsoft.com/en-us/projects/clearflow/}},
	note = "[Online; accessed 15. February 2014]"
}

@inproceedings{landex2009gis,
  title={GIS Analyses of Railroad Capacity and Delays},
  author={Landex, Alex},
  booktitle={Proceedings of ESRI User Conference. San Diego, California, USA},
  pages={1--10},
  year={2009}
}

@incollection{cule2011mining,
  title={Mining train delays},
  author={Cule, Boris and Goethals, Bart and Tassenoy, Sven and Verboven, Sabine},
  booktitle={Advances in Intelligent Data Analysis X},
  pages={113--124},
  year={2011},
  publisher={Springer}
}

@misc{waltonlivelayer,
  title={LiveLayer: Real-time Traffic Video Visualisation on Geographical Maps},
  author={Walton, Simon and Chen, Min and Ebert, David}
}

@inproceedings{picozzitraffic,
  title={Traffic Visualization: Applying Information Visualization Techniques to Enhance Traffic Planning Activities},
  author={Picozzi, Matteo and Verdezoto, Nervo and Pouke, Matti and Vatjus-Anttila, Jarkko and Quigley, Aaron},
  booktitle={International Conference on Information Visualization Theory and Applications}
}

@inproceedings{vandaniker2009visualizing,
  title={Visualizing real-time and archived traffic incident data},
  author={VanDaniker, Michael},
  booktitle={Information Reuse \& Integration, 2009. IRI'09. IEEE International Conference on},
  pages={206--211},
  year={2009},
  organization={IEEE}
}

@misc{jernbaneverketAbout,
  author = {Jernbaneverket},
  title = {About},
  howpublished = {\url{http://www.jernbaneverket.no/en/startpage1/Articles/Jernbaneverket/}},
  note = "[Online, accessed 26. February 2014]"
}

@misc{jernbaneverketPunklighetKart,
  author = {Jernbaneverket},
  title = {Punklighet},
  howpublished = {\url{http://www.jernbaneverket.no/no/Nyheter/Punktlighet/}},
  note = "[Online, accessed 26. February 2014]"
}

@misc{jernbaneverketPunklighetsTall,
  author = {Jernbaneverket},
  title = {Se punktlighetstall og tiltak},
  howpublished = {\url{http://www.jernbaneverket.no/no/Nyheter/Togenes-punktlighet-og-regularitet/}},
  note = "[Online, accessed 26. February 2014]"
}

@misc{sintefPresis,
  title={Presis project},
  author = {SINTEF},
  note = "[Online, accessed 26. February 2014]"
}

@misc{taagInfo,
  title={Tåg.info},
  author = {[TStorm Technologies for SJ Trains]},
  note = "[Online, accessed 04. March 2014]"
}
